<?xml version="1.0" encoding="UTF-8"?><collection xmlns="http://www.loc.gov/MARC21/slim"><record><leader>00676nam--2200217-u-4500</leader><controlfield tag="001">000053429</controlfield><controlfield tag="002">20161230</controlfield><controlfield tag="005">20161230201051</controlfield><controlfield tag="008">110404s1000------------r-----000-0-eng-d</controlfield><datafield ind1=" " ind2=" " tag="020"><subfield code="a">3540667784</subfield></datafield><datafield ind1=" " ind2=" " tag="040"><subfield code="a">IFIN-HH</subfield></datafield><datafield ind1=" " ind2=" " tag="080"><subfield code="a">530.145:519.72:53.088</subfield></datafield><datafield ind1="1" ind2=" " tag="100"><subfield code="a">Bouwmeester, Dirk</subfield></datafield><datafield ind1="1" ind2="0" tag="245"><subfield code="a">The physics of quantum information</subfield><subfield code="b">Quantum cryptography quantum teleportation quantum computation</subfield><subfield code="c">Dirk bouwmeester; artur ekert; anton zeilinger (eds.)</subfield></datafield><datafield ind1=" " ind2=" " tag="250"><subfield code="a">Third Edition</subfield></datafield><datafield ind1=" " ind2=" " tag="260"><subfield code="a">Berlin</subfield><subfield code="b">Springer</subfield><subfield code="c">2001</subfield></datafield><datafield ind1=" " ind2=" " tag="300"><subfield code="a">314P</subfield></datafield><datafield ind1=" " ind2=" " tag="490"><subfield code="a">Physics And Astronomy</subfield></datafield><datafield ind1="1" ind2=" " tag="700"><subfield code="a">Zeilinger, Anton</subfield><subfield code="e">Ed</subfield></datafield><datafield ind1=" " ind2=" " tag="852"><subfield code="a">81598</subfield><subfield code="c">530.145</subfield></datafield><datafield ind1=" " ind2=" " tag="CAT"><subfield code="a">Sys</subfield><subfield code="c">20110404</subfield><subfield code="h">122758</subfield></datafield></record></collection>